<?xml version="1.0" encoding="UTF-8"?><collection xmlns="http://www.loc.gov/MARC21/slim"><record><leader>00408nam--2200145-i-4500</leader><controlfield tag="001">000014148</controlfield><controlfield tag="002">20161230</controlfield><controlfield tag="005">20161230201030</controlfield><controlfield tag="008">060222s1000------------r-----000-0-eng-d</controlfield><datafield ind1=" " ind2=" " tag="080"><subfield code="a">537.222.22:538.93</subfield></datafield><datafield ind1=" " ind2=" " tag="245"><subfield code="a">Band theory and transport properties</subfield></datafield><datafield ind1=" " ind2=" " tag="260"><subfield code="a">Amsterdam, North-holland Publishing Company, 1982. Xiii + 879</subfield></datafield><datafield ind1=" " ind2=" " tag="490"><subfield code="a">Handbook On Semiconductors</subfield></datafield><datafield ind1=" " ind2=" " tag="700"><subfield code="a">William Paul</subfield></datafield><datafield ind1=" " ind2=" " tag="852"><subfield code="a">48008</subfield></datafield></record></collection>